@book{atiyah_macdonald,
  title     = {Introduction to Commutative Algebra},
  author    = {M.F. Atiyah and I.G. MacDonald},
  year      = {1994},
}